@article{祁亨年2004支持向量机及其应用研究综述,
  title={支持向量机及其应用研究综述},
  author={祁亨年},
  journal={计算机工程},
  volume={30},
  number={10},
  pages={4},
  year={2004},
}
@article{cortes1995support,
	title={Support-vector networks},
	author={Cortes, Corinna and Vapnik, Vladimir},
	journal={Machine learning},
	volume={20},
	pages={273--297},
	year={1995},
	publisher={Springer}
}
@article{blumer1989learnability,
	title={Learnability and the Vapnik-Chervonenkis dimension},
	author={Blumer, Anselm and Ehrenfeucht, Andrzej and Haussler, David and Warmuth, Manfred K},
	journal={Journal of the ACM (JACM)},
	volume={36},
	number={4},
	pages={929--965},
	year={1989},
	publisher={ACM New York, NY, USA}
}
@book{CristianintNello2000An,
  title={An introduction to support vector machines and other kernel-based learning methods},
  author={CristianintNello},
  publisher={An introduction to support vector machines and other kernel-based learning methods},
  year={2000},
}
@article{张学工2000关于统计学习理论与支持向量机,
	title={关于统计学习理论与支持向量机},
	author={张学工},
	journal={自动化学报},
	volume={26},
	number={1},
	pages={32--42},
	year={2000}
}
@article{张松兰2016支持向量机的算法及应用综述,
	title={支持向量机的算法及应用综述},
	author={张松兰},
	journal={江苏理工学院学报},
	number={2},
	pages={14--17},
	year={2016}
}
@article{顾亚祥2011支持向量机研究进展,
	title={支持向量机研究进展},
	author={顾亚祥 and 丁世飞},
	journal={计算机科学},
	volume={38},
	number={002},
	pages={14--17},
	year={2011}
}
@article{胡春2018支持向量机研究综述,
  title={支持向量机研究综述},
  author={胡春 and 胡文 and 李圣华},
  journal={知识窗},
  number={24},
  pages={1},
  year={2018},
}
@article{丁世飞2011支持向量机理论与算法研究综述,
	title={支持向量机理论与算法研究综述},
	author={丁世飞 and 齐丙娟 and 谭红艳},
	journal={电子科技大学学报},
	volume={40},
	number={1},
	pages={2--10},
	year={2011}
}
